<?xml version="1.0" encoding="UTF-8"?><collection xmlns="http://www.loc.gov/MARC21/slim"><record><leader>00376nam--2200133-i-4500</leader><controlfield tag="001">000001376</controlfield><controlfield tag="002">20161230</controlfield><controlfield tag="005">20161230201024</controlfield><controlfield tag="008">060222s1000------------r-----000-0-eng-d</controlfield><datafield ind1=" " ind2=" " tag="080"><subfield code="a">621.317</subfield></datafield><datafield ind1=" " ind2=" " tag="100"><subfield code="a">Golding, E.W</subfield></datafield><datafield ind1=" " ind2=" " tag="245"><subfield code="a">Electrical measurement and measuring instruments.fourth edition</subfield></datafield><datafield ind1=" " ind2=" " tag="260"><subfield code="a">London, Sir Issac Pitman And Sons, Ltd. 1955. X + 913 P</subfield></datafield><datafield ind1=" " ind2=" " tag="852"><subfield code="a">76610</subfield></datafield></record></collection>